@article{TreismanGelade1980,
  added-at = {2007-11-09T10:14:21.000+0100},
  author = {Treisman, A M and Gelade, G},
  biburl = {http://www.bibsonomy.org/bibtex/25b3bfa23d2451f96807ba544f31f4115/tmalsburg},
  description = {A feature-integration theory of attention. [Cognit Psychol. 1980] - PubMed Result},
  interhash = {0e81e9482d2f0e91c18ec3a215fe29ab},
  intrahash = {5b3bfa23d2451f96807ba544f31f4115},
  journal = {Cognit Psychol},
  keywords = {-23PAttention},
  month = Jan,
  number = 1,
  pages = {97-136},
  pmid = {7351125},
  timestamp = {2007-11-09T10:14:22.000+0100},
  title = {A feature-integration theory of attention},
  volume = 12,
  year = 1980
}

@article{oldic,
    title = {Processos Atencionais e Aprendizado de Máquina para Sistemas
        Robóticos},
    author = {Erik Perillo, Esther Colombini},
    year = {2017},
}

@article{deepfix,
    title = {DeepFix: A Fully Convolutional Neural Network for predicting
        Human Eye Fixations},
    author = {Srinivas S S Kruthiventi and Kumar Ayush and R. Venkatesh Babu},
    journal = {arXiv preprint arXiv:1510.02927},
    year = {2015}
}

@article{salicon,
    title = {Salicon: saliency in context},
    author = {Ming Jiang and Shengsheng Huang and Juanyong Duan and Qi Zhao},
    journal = {CVPR},
    year = {2015}
}

@article{davis,
	author = {Jordi Pont-Tuset and Federico Perazzi and Sergi Caelles and Pablo Arbel\'aez and Alexander Sorkine-Hornung and Luc {Van Gool}},
	title = {The 2017 DAVIS Challenge on Video Object Segmentation},
	journal = {arXiv:1704.00675},
	year = {2017}
}

@online{judd,
 	title = {Learning to predict where people look},
    author = {Judd, T. et al},
	url = {http://people.csail.mit.edu/tjudd/WherePeopleLook/index.html},
	year = 2016,
	urldate = {2016-10-04}
}

@INPROCEEDINGS {
     savam,
         AUTHOR    = "Yury Gitman and Mikhail Erofeev and Dmitriy Vatolin
                          and Andrey Bolshakov and Alexey Fedorov",
                              TITLE     = "Semiautomatic {Visual-Attention} Modeling and Its 
                                               Application to Video Compression",
                                                   BOOKTITLE = "2014 IEEE International Conference on Image Processing
                                                                    (ICIP) (ICIP 2014)",
                                                                        ADDRESS   = "Paris, France",
                                                                            PAGES     = "1105-1109",
                                                                                DAYS      =  27,
                                                                                    MONTH     =  oct,
                                                                                        YEAR      =  2014,
                                                                                            KEYWORDS  = "Saliency;Visual attention;Eye-tracking;Saliencyaware 
                                                                                                             compression;H.264",
                                                                                                               }
@article{unet,
      author    = {Olaf Ronneberger and
                                  Philipp Fischer and
                                                 Thomas Brox},
      title     = {U-Net: Convolutional Networks for Biomedical Image Segmentation},
	journal   = {CoRR},
  volume    = {abs/1505.04597},
	year      = {2015},
	  url       = {http://arxiv.org/abs/1505.04597},
	archivePrefix = {arXiv},
  eprint    = {1505.04597},
		timestamp = {Wed, 07 Jun 2017 14:40:33 +0200},
  biburl    = {http://dblp.org/rec/bib/journals/corr/RonnebergerFB15},
	bibsource = {dblp computer science bibliography, http://dblp.org}
}

@misc{mitsal,
    author     = {Zoya Bylinskii and Tilke Judd and Ali Borji and Laurent Itti
                  and Fr{\'e}do Durand and Aude Oliva and Antonio Torralba},
    title      = {MIT Saliency Benchmark},
	howpublished = {\url{http://saliency.mit.edu/index.html}},
	year = 2016,
	urldate = {2016-09-27}
}

@article{vidfix,
  author    = {Wenguan Wang and
               Jianbing Shen and
               Ling Shao},
  title     = {Deep Learning For Video Saliency Detection},
  journal   = {CoRR},
  volume    = {abs/1702.00871},
  year      = {2017},
  url       = {http://arxiv.org/abs/1702.00871},
  archivePrefix = {arXiv},
  eprint    = {1702.00871},
  timestamp = {Wed, 07 Jun 2017 14:42:21 +0200},
  biburl    = {http://dblp.org/rec/bib/journals/corr/WangSS17},
  bibsource = {dblp computer science bibliography, http://dblp.org}
}

@article{mlnet,
    title = {A Deep Multi-Level Network for Saliency Prediction},
    author = {Marcella Cornia and Lorenzo Baraldi and Giuseppe Serra and
        Rita Cucchiara},
    journal = {arXiv preprint arXiv:1609.01064},
    year = {2016}
}

@article{Wolfe1989,
    title = {Guided Search: an alternative to the feature integration model for 
        visual search},
    author = {Jeremy M. Wolfe, Kyle R. Cave, Susan L. Franzel},
    year = {1989},
}

@phdthesis{Frintrop2006,
    title = {Vocus: a visual attention system for object detection and 
        goal-directed search},
    author = {Simone Frintrop},
    year = {2006},
}

@online{att,
 	title = {Repositório att},
	url = {https://github.com/erikperillo/att},
	year = 2016,
	urldate = {2016-12-09}
}

@article{cat2000,
   title     = {CAT2000: A Large Scale Fixation Dataset for Boosting Saliency Research},
   author    = {Borji, Ali and Itti, Laurent},
   journal   = {CVPR 2015 workshop on "Future of Datasets"},
   year      = {2015},
}

@online{juddBM,
 	title = {Learning to predict where people look},
	url = {http://people.csail.mit.edu/tjudd/WherePeopleLook/index.html},
	year = 2016,
	urldate = {2016-10-04}
}

@inproceedings{cheng,
	author  = {Ming-Ming Cheng et al},
	title   = {Global Contrast based Salient Region Detection},
	journal = {CVPR},
	year    = {2011}, 
}

@article{judd2,
    title    = {What do different evaluation metrics tell us about saliency models?},
    author   = {Zoya Bylinskii and Tilke Judd and Aude Oliva and Antonio Torralba and Fr{\'e}do Durand},
    year     = {2016}
}

@online{mit-300,
 	title = {MIT saliency benchmark},
	url = {http://saliency.mit.edu/index.html},
	year = 2016,
	urldate = {2016-09-27}
}

@article{DeepFix,
  author    = {Srinivas S. Kruthiventi and
               Kumar Ayush and
               R. Venkatesh Babu},
  title     = {DeepFix: {A} Fully Convolutional Neural Network for predicting Human
               Eye Fixations},
  journal   = {CoRR},
  year      = {2015},
  timestamp = {Sun, 01 Nov 2015 17:30:44 +0100},
  bibsource = {dblp computer science bibliography, http://dblp.org}
} 

@inproceedings{Salicon,
  added-at = {2016-04-28T00:00:00.000+0200},
  author = {Jiang, Ming and Huang, Shengsheng and Duan, Juanyong and Zhao, Qi},
  booktitle = {CVPR},
  title = {SALICON: Saliency in Context.},
  year = 2015
}

@article{DeepGaze2,
  author    = {Matthias K{\"{u}}mmerer and
               Thomas S. A. Wallis and
               Matthias Bethge},
  title     = {DeepGaze {II:} Reading fixations from deep features trained on object
               recognition},
  journal   = {CoRR},
  year      = {2016},
  timestamp = {Wed, 02 Nov 2016 09:51:26 +0100},
  bibsource = {dblp computer science bibliography, http://dblp.org}
}

@article{SalNet,
  author    = {Junting Pan and
               Kevin McGuinness and
               Elisa Sayrol and
               Noel E. O'Connor and
               Xavier {Gir{\'{o}} i Nieto}},
  title     = {Shallow and Deep Convolutional Networks for Saliency Prediction},
  journal   = {CoRR},
  volume    = {abs/1603.00845},
  year      = {2016},
  timestamp = {Sat, 02 Apr 2016 11:49:48 +0200},
  bibsource = {dblp computer science bibliography, http://dblp.org}
}

@misc{mitsal,
  author = {Zoya Bylinskii and Tilke Judd and Ali Borji and Laurent Itti and Fr{\'e}do Durand and Aude Oliva and Antonio Torralba},
  title  = {MIT Saliency Benchmark},
}

@article{rosinsal2,
 author = {Rosin, Paul L.},
 title = {A Simple Method for Detecting Salient Regions},
 journal = {Pattern Recogn.},
 issue_date = {November, 2009},
 volume = {42},
 number = {11},
 month = nov,
 year = {2009},
 numpages = {9},
 acmid = {1563080},
 publisher = {Elsevier Science Inc.},
 address = {New York, NY, USA},
 keywords = {Distance transform, Focus of attention, Importance map, Salience map},
}

@misc{itti,
    title = {Salicency Toolbox},
    url = {http://www.saliencytoolbox.net/},
}
