@article{ref:salicon,
    title = {Salicon: saliency in context},
    author = {Ming Jiang and Shengsheng Huang and Juanyong Duan and Qi Zhao},
    journal = {CVPR},
    year = {2015}
}

@article{ref:deepfix,
    title = {DeepFix: A Fully Convolutional Neural Network for predicting
        Human Eye Fixations},
    author = {Srinivas S S Kruthiventi and Kumar Ayush and R. Venkatesh Babu},
    journal = {arXiv preprint arXiv:1510.02927},
    year = {2015}
}

@article{ref:fit,
    title = {A Feature-Integration theory of Attention},
    author = {Anne M. Treisman and Garry Gelade},
    journal = {Cognit Psychol},
    year = {1980}
}

@article{ref:esther-thesis,
  title={An Attentional Model for Autonomous Mobile Robots},
  author={Colombini, E.L. and da Silva Simoes, A. and Costa Ribeiro, C.H.},
  journal={IEEE Systems},
  number={99},
  pages={1--12},
  year={2016},
  publisher={IEEE}
}

@inproceedings{ref:vocus,
    author = {Simone Frintrop},
    title = {VOCUS: a visual attention system for object detection and 
        goal-directed search},
    booktitle = {IN LECTURE NOTES IN ARTIFICIAL INTELLIGENCE (LNAI)},
    year = {2005},
    publisher = {Springer}
}

@article{ref:mlnet,
    title = {A Deep Multi-Level Network for Saliency Prediction},
    author = {Marcella Cornia and Lorenzo Baraldi and Giuseppe Serra and
        Rita Cucchiara},
    journal = {arXiv preprint arXiv:1609.01064},
    year = {2016}
}

@article{ref:vgg-16,
  author    = {Karen Simonyan and Andrew Zisserman},
  title     = {Very Deep Convolutional Networks for Large-Scale Image 
    Recognition},
  journal   = {CoRR},
  volume    = {abs/1409.1556},
  year      = {2014},
  url       = {http://arxiv.org/abs/1409.1556},
  timestamp = {Wed, 01 Oct 2014 15:00:05 +0200},
  biburl    = {http://dblp.uni-trier.de/rec/bib/journals/corr/SimonyanZ14a},
  bibsource = {dblp computer science bibliography, http://dblp.org}
}

@article{ref:metrics,
    title = {What do different evaluation metrics tell us about saliency
        models?},
    author = {Zoya Bylinskii and Tilke Judd and Aude Oliva and Antonio
        Torralba and Fr{\'e}do Durand},
    journal = {arXiv preprint arXiv:1604.03605},
    year = {2016}
}

@misc{ref:previous-proposal,
    title = {Processos Atencionais e Aprendizado de M치quina para Sistemas
        Rob칩ticos},
    author = {Erik Perillo and Esther Colombini},
    year = {2016}
}

@article{ref:shallow-deep,
    title = {Shallow and Deep Convolutional Networks for Saliency Prediction},
    author = {Junting Pan and Elisa Sayrol and Xavier Giro-i-Nieto and Kevin
        McGuinness and Noel OConnor},
    journal = {arXiv preprint arXiv:1603.00845},
    year = {2016}
}

@article{ref:guided-search,
  title={Guided search: an alternative to the feature integration model for visual search.},
  author={Joanna M Wolfe and K. Cave and Steve Franzel},
  journal={Journal of experimental psychology. Human perception and performance},
  year={1989},
  volume={15 3},
  pages={419-33}
}

@article{ref:judd-metrics,
    title = {What do different evaluation metrics tell us about saliency
        models?},
    author = {Zoya Bylinskii and Tilke Judd and Aude Oliva and Antonio Torralba
        and Fr{\'e}do Durand},
    journal = {arXiv preprint arXiv:1604.03605},
    year = {2016}
}

@article{ref:rnns,
  author    = {Hojjat Salehinejad and
               Julianne Baarbe and
               Sharan Sankar and
               Joseph Barfett and
               Errol Colak and
               Shahrokh Valaee},
  title     = {Recent Advances in Recurrent Neural Networks},
  journal   = {CoRR},
  volume    = {abs/1801.01078},
  year      = {2018},
  url       = {http://arxiv.org/abs/1801.01078},
  archivePrefix = {arXiv},
  eprint    = {1801.01078},
  timestamp = {Thu, 01 Feb 2018 19:52:26 +0100},
  biburl    = {https://dblp.org/rec/bib/journals/corr/abs-1801-01078},
  bibsource = {dblp computer science bibliography, https://dblp.org}
}

@article{ref:judd,
    author = {Judd, T. et al},
    title = {Learning to Predict Where Humans Look},
    journal = {Computer Vision, IEEE 12th International Conference},
    year = {2009}
}

@article{ref:att-all-you-need,
  author    = {Ashish Vaswani and
               Noam Shazeer and
               Niki Parmar and
               Jakob Uszkoreit and
               Llion Jones and
               Aidan N. Gomez and
               Lukasz Kaiser and
               Illia Polosukhin},
  title     = {Attention Is All You Need},
  journal   = {CoRR},
  volume    = {abs/1706.03762},
  year      = {2017},
  url       = {http://arxiv.org/abs/1706.03762},
  archivePrefix = {arXiv},
  eprint    = {1706.03762},
  timestamp = {Mon, 03 Jul 2017 13:29:02 +0200},
  biburl    = {https://dblp.org/rec/bib/journals/corr/VaswaniSPUJGKP17},
  bibsource = {dblp computer science bibliography, https://dblp.org}
}

@article{ref:wavenet,
  author    = {A{\"{a}}ron van den Oord and
               Sander Dieleman and
               Heiga Zen and
               Karen Simonyan and
               Oriol Vinyals and
               Alex Graves and
               Nal Kalchbrenner and
               Andrew W. Senior and
               Koray Kavukcuoglu},
  title     = {WaveNet: {A} Generative Model for Raw Audio},
  journal   = {CoRR},
  volume    = {abs/1609.03499},
  year      = {2016},
  url       = {http://arxiv.org/abs/1609.03499},
  archivePrefix = {arXiv},
  eprint    = {1609.03499},
  timestamp = {Wed, 07 Jun 2017 14:42:54 +0200},
  biburl    = {https://dblp.org/rec/bib/journals/corr/OordDZSVGKSK16},
  bibsource = {dblp computer science bibliography, https://dblp.org}
}

@ARTICLE{ref:cnns,
   author = {{Koushik}, J.},
    title = "{Understanding Convolutional Neural Networks}",
  journal = {ArXiv e-prints},
archivePrefix = "arXiv",
   eprint = {1605.09081},
 primaryClass = "stat.OT",
 keywords = {Statistics - Other Statistics},
     year = 2016,
    month = may,
   adsurl = {http://adsabs.harvard.edu/abs/2016arXiv160509081K},
  adsnote = {Provided by the SAO/NASA Astrophysics Data System}
}

@article{ref:segmentation,
  author    = {Kaiming He and
               Georgia Gkioxari and
               Piotr Doll{\'{a}}r and
               Ross B. Girshick},
  title     = {Mask {R-CNN}},
  journal   = {CoRR},
  volume    = {abs/1703.06870},
  year      = {2017},
  url       = {http://arxiv.org/abs/1703.06870},
  archivePrefix = {arXiv},
  eprint    = {1703.06870},
  timestamp = {Wed, 07 Jun 2017 14:42:32 +0200},
  biburl    = {https://dblp.org/rec/bib/journals/corr/HeGDG17},
  bibsource = {dblp computer science bibliography, https://dblp.org}
}

@incollection{ref:imagenet,
title = {ImageNet Classification with Deep Convolutional Neural Networks},
author = {Alex Krizhevsky and Sutskever, Ilya and Hinton, Geoffrey E},
booktitle = {Advances in Neural Information Processing Systems 25},
editor = {F. Pereira and C. J. C. Burges and L. Bottou and K. Q. Weinberger},
pages = {1097--1105},
year = {2012},
publisher = {Curran Associates, Inc.},
url = {http://papers.nips.cc/paper/4824-imagenet-classification-with-deep-convolutional-neural-networks.pdf}
}

@article{ref:cat-2000-dataset,
    title = {CAT2000: A Large Scale Fixation Dataset for Boosting Saliency
        Research},
    author = {Borji and Ali and Itti and Laurent},
    journal = {CVPR 2015 workshop on "Future of Datasets"},
    year = {2015},
    note = {arXiv preprint arXiv:1505.03581}
}

@book{ref:dl,
    title={Deep Learning},
    author={Ian Goodfellow and Yoshua Bengio and Aaron Courville},
    publisher={MIT Press},
    note={\url{http://www.deeplearningbook.org}},
    year={2016}
}

@online{ref:salicon-dataset,
 	title = {Salicon dataset},
	url = {www.example.com},
	year = 2016,
	urldate = {2016-09-27}
}

@online{ref:att,
 	title = {Reposit칩rio att},
	url = {https://github.com/erikperillo/att},
	year = 2016,
	urldate = {2016-09-27}
}

@online{ref:att-deep,
 	title = {Reposit칩rio att},
	url = {https://github.com/erikperillo/att/tree/dev/att/deep},
	year = 2017,
	urldate = {2017-04-26}
}

@online{ref:videos,
 	title = {MIT saliency benchmark: datasets},
	url = {http://saliency.mit.edu/datasets.html},
	year = 2016,
	urldate = {2017-04-26}
}

@online{ref:mit300-bm,
 	title = {MIT saliency benchmark},
	url = {http://saliency.mit.edu/index.html},
	year = 2016,
	urldate = {2016-09-27}
}

@online{ref:erik-esther,
    title = {Efficient Visual Attention with Deep Learning},
    author = {Erik Perillo and Esther Colombini},
    url = {https://goo.gl/6d2h3W},
    journal={WTD 2017 IC Unicamp},
    year = 2017,
}

@article{ref:img-captioning,
  author    = {KyungHyun Cho and
               Aaron C. Courville and
               Yoshua Bengio},
  title     = {Describing Multimedia Content using Attention-based Encoder-Decoder
               Networks},
  journal   = {CoRR},
  volume    = {abs/1507.01053},
  year      = {2015},
  url       = {http://arxiv.org/abs/1507.01053},
  archivePrefix = {arXiv},
  eprint    = {1507.01053},
  timestamp = {Wed, 07 Jun 2017 14:40:37 +0200},
  biburl    = {https://dblp.org/rec/bib/journals/corr/ChoCB15},
  bibsource = {dblp computer science bibliography, https://dblp.org}
}

@article{ref:recurr-models,
  author    = {Volodymyr Mnih and
               Nicolas Heess and
               Alex Graves and
               Koray Kavukcuoglu},
  title     = {Recurrent Models of Visual Attention},
  journal   = {CoRR},
  volume    = {abs/1406.6247},
  year      = {2014},
  url       = {http://arxiv.org/abs/1406.6247},
  archivePrefix = {arXiv},
  eprint    = {1406.6247},
  timestamp = {Wed, 07 Jun 2017 14:41:58 +0200},
  biburl    = {https://dblp.org/rec/bib/journals/corr/MnihHGK14},
  bibsource = {dblp computer science bibliography, https://dblp.org}
}

@article{ref:att-survey,
  author    = {Feng Wang and
               David M. J. Tax},
  title     = {Survey on the attention based {RNN} model and its applications in
               computer vision},
  journal   = {CoRR},
  volume    = {abs/1601.06823},
  year      = {2016},
  url       = {http://arxiv.org/abs/1601.06823},
  archivePrefix = {arXiv},
  eprint    = {1601.06823},
  timestamp = {Wed, 07 Jun 2017 14:40:27 +0200},
  biburl    = {https://dblp.org/rec/bib/journals/corr/WangT16},
  bibsource = {dblp computer science bibliography, https://dblp.org}
}

@article{ref:translation,
  author    = {Dzmitry Bahdanau and
               Kyunghyun Cho and
               Yoshua Bengio},
  title     = {Neural Machine Translation by Jointly Learning to Align and Translate},
  journal   = {CoRR},
  volume    = {abs/1409.0473},
  year      = {2014},
  url       = {http://arxiv.org/abs/1409.0473},
  archivePrefix = {arXiv},
  eprint    = {1409.0473},
  timestamp = {Wed, 07 Jun 2017 14:40:19 +0200},
  biburl    = {https://dblp.org/rec/bib/journals/corr/BahdanauCB14},
  bibsource = {dblp computer science bibliography, https://dblp.org}
}

@article{ref:audio,
  author    = {William Chan and
               Navdeep Jaitly and
               Quoc V. Le and
               Oriol Vinyals},
  title     = {Listen, Attend and Spell},
  journal   = {CoRR},
  volume    = {abs/1508.01211},
  year      = {2015},
  url       = {http://arxiv.org/abs/1508.01211},
  archivePrefix = {arXiv},
  eprint    = {1508.01211},
  timestamp = {Wed, 07 Jun 2017 14:40:39 +0200},
  biburl    = {https://dblp.org/rec/bib/journals/corr/ChanJLV15},
  bibsource = {dblp computer science bibliography, https://dblp.org}
}

@article{ref:parsing,
  author    = {Oriol Vinyals and
               Lukasz Kaiser and
               Terry Koo and
               Slav Petrov and
               Ilya Sutskever and
               Geoffrey E. Hinton},
  title     = {Grammar as a Foreign Language},
  journal   = {CoRR},
  volume    = {abs/1412.7449},
  year      = {2014},
  url       = {http://arxiv.org/abs/1412.7449},
  archivePrefix = {arXiv},
  eprint    = {1412.7449},
  timestamp = {Wed, 07 Jun 2017 14:40:10 +0200},
  biburl    = {https://dblp.org/rec/bib/journals/corr/VinyalsKKPSH14},
  bibsource = {dblp computer science bibliography, https://dblp.org}
}

@article{ref:conversation,
  author    = {Oriol Vinyals and
               Quoc V. Le},
  title     = {A Neural Conversational Model},
  journal   = {CoRR},
  volume    = {abs/1506.05869},
  year      = {2015},
  url       = {http://arxiv.org/abs/1506.05869},
  archivePrefix = {arXiv},
  eprint    = {1506.05869},
  timestamp = {Wed, 07 Jun 2017 14:40:25 +0200},
  biburl    = {https://dblp.org/rec/bib/journals/corr/VinyalsL15},
  bibsource = {dblp computer science bibliography, https://dblp.org}
}

@article{ref:ntm,
  author    = {Alex Graves and
               Greg Wayne and
               Ivo Danihelka},
  title     = {Neural Turing Machines},
  journal   = {CoRR},
  volume    = {abs/1410.5401},
  year      = {2014},
  url       = {http://arxiv.org/abs/1410.5401},
  archivePrefix = {arXiv},
  eprint    = {1410.5401},
  timestamp = {Wed, 07 Jun 2017 14:42:19 +0200},
  biburl    = {https://dblp.org/rec/bib/journals/corr/GravesWD14},
  bibsource = {dblp computer science bibliography, https://dblp.org}
}

@article{ref:distill,
  author = {Olah, Chris and Carter, Shan},
  title = {Attention and Augmented Recurrent Neural Networks},
  journal = {Distill},
  year = {2016},
  url = {http://distill.pub/2016/augmented-rnns},
  doi = {10.23915/distill.00001}
}

@article{ref:adaptative-time,
  author    = {Alex Graves},
  title     = {Adaptive Computation Time for Recurrent Neural Networks},
  journal   = {CoRR},
  volume    = {abs/1603.08983},
  year      = {2016},
  url       = {http://arxiv.org/abs/1603.08983},
  archivePrefix = {arXiv},
  eprint    = {1603.08983},
  timestamp = {Wed, 07 Jun 2017 14:42:58 +0200},
  biburl    = {https://dblp.org/rec/bib/journals/corr/Graves16},
  bibsource = {dblp computer science bibliography, https://dblp.org}
}

@article{ref:np,
  author    = {Arvind Neelakantan and
               Quoc V. Le and
               Ilya Sutskever},
  title     = {Neural Programmer: Inducing Latent Programs with Gradient Descent},
  journal   = {CoRR},
  volume    = {abs/1511.04834},
  year      = {2015},
  url       = {http://arxiv.org/abs/1511.04834},
  archivePrefix = {arXiv},
  eprint    = {1511.04834},
  timestamp = {Wed, 07 Jun 2017 14:40:40 +0200},
  biburl    = {https://dblp.org/rec/bib/journals/corr/NeelakantanLS15},
  bibsource = {dblp computer science bibliography, https://dblp.org}
}
