@article{ref:salicon,
    title = {Salicon: saliency in context},
    author = {Ming Jiang and Shengsheng Huang and Juanyong Duan and Qi Zhao},
    journal = {CVPR},
    year = {2015}
}

@article{ref:deepfix,
    title = {DeepFix: A Fully Convolutional Neural Network for predicting
        Human Eye Fixations},
    author = {Srinivas S S Kruthiventi and Kumar Ayush and R. Venkatesh Babu},
    journal = {arXiv preprint arXiv:1510.02927},
    year = {2015}
}

@article{ref:fit,
    title = {A Feature-Integration theory of Attention},
    author = {Anne M. Treisman and Garry Gelade},
    journal = {Cognit Psychol},
    year = {1980}
}

@article{ref:esther-thesis,
  title={An Attentional Model for Autonomous Mobile Robots},
  author={Colombini, E.L. and da Silva Simoes, A. and Costa Ribeiro, C.H.},
  journal={IEEE Systems},
  number={99},
  pages={1--12},
  year={2016},
  publisher={IEEE}
}

@inproceedings{ref:vocus,
    author = {Simone Frintrop},
    title = {VOCUS: a visual attention system for object detection and 
        goal-directed search},
    booktitle = {IN LECTURE NOTES IN ARTIFICIAL INTELLIGENCE (LNAI)},
    year = {2005},
    publisher = {Springer}
}

@article{ref:mlnet,
    title = {A Deep Multi-Level Network for Saliency Prediction},
    author = {Marcella Cornia and Lorenzo Baraldi and Giuseppe Serra and
        Rita Cucchiara},
    journal = {arXiv preprint arXiv:1609.01064},
    year = {2016}
}

@article{ref:vgg-16,
  author    = {Karen Simonyan and Andrew Zisserman},
  title     = {Very Deep Convolutional Networks for Large-Scale Image 
    Recognition},
  journal   = {CoRR},
  volume    = {abs/1409.1556},
  year      = {2014},
  url       = {http://arxiv.org/abs/1409.1556},
  timestamp = {Wed, 01 Oct 2014 15:00:05 +0200},
  biburl    = {http://dblp.uni-trier.de/rec/bib/journals/corr/SimonyanZ14a},
  bibsource = {dblp computer science bibliography, http://dblp.org}
}

@article{ref:metrics,
    title = {What do different evaluation metrics tell us about saliency
        models?},
    author = {Zoya Bylinskii and Tilke Judd and Aude Oliva and Antonio
        Torralba and Fr{\'e}do Durand},
    journal = {arXiv preprint arXiv:1604.03605},
    year = {2016}
}

@misc{ref:previous-proposal,
    title = {Processos Atencionais e Aprendizado de M치quina para Sistemas
        Rob칩ticos},
    author = {Erik Perillo and Esther Colombini},
    year = {2016}
}

@article{ref:shallow-deep,
    title = {Shallow and Deep Convolutional Networks for Saliency Prediction},
    author = {Junting Pan and Elisa Sayrol and Xavier Giro-i-Nieto and Kevin
        McGuinness and Noel OConnor},
    journal = {arXiv preprint arXiv:1603.00845},
    year = {2016}
}

@article{ref:judd-metrics,
    title = {What do different evaluation metrics tell us about saliency
        models?},
    author = {Zoya Bylinskii and Tilke Judd and Aude Oliva and Antonio Torralba
        and Fr{\'e}do Durand},
    journal = {arXiv preprint arXiv:1604.03605},
    year = {2016}
}

@article{ref:judd-1003-dataset,
    author = {Judd, T. et al},
    title = {Learning to Predict Where Humans Look},
    journal = {Computer Vision, IEEE 12th International Conference},
    year = {2009}
}

@article{ref:cat-2000-dataset,
    title = {CAT2000: A Large Scale Fixation Dataset for Boosting Saliency
        Research},
    author = {Borji and Ali and Itti and Laurent},
    journal = {CVPR 2015 workshop on "Future of Datasets"},
    year = {2015},
    note = {arXiv preprint arXiv:1505.03581}
}

@online{ref:salicon-dataset,
 	title = {Salicon dataset},
	url = {www.example.com},
	year = 2016,
	urldate = {2016-09-27}
}

@online{ref:att,
 	title = {Reposit칩rio att},
	url = {https://github.com/erikperillo/att},
	year = 2016,
	urldate = {2016-09-27}
}

@online{ref:att-deep,
 	title = {Reposit칩rio att},
	url = {https://github.com/erikperillo/att/tree/dev/att/deep},
	year = 2017,
	urldate = {2017-04-26}
}

@online{ref:videos,
 	title = {MIT saliency benchmark: datasets},
	url = {http://saliency.mit.edu/datasets.html},
	year = 2016,
	urldate = {2017-04-26}
}

@online{ref:mit300-bm,
 	title = {MIT saliency benchmark},
	url = {http://saliency.mit.edu/index.html},
	year = 2016,
	urldate = {2016-09-27}
}
