@article{TreismanGelade1980,
  added-at = {2007-11-09T10:14:21.000+0100},
  author = {Treisman, A M and Gelade, G},
  biburl = {http://www.bibsonomy.org/bibtex/25b3bfa23d2451f96807ba544f31f4115/tmalsburg},
  description = {A feature-integration theory of attention. [Cognit Psychol. 1980] - PubMed Result},
  interhash = {0e81e9482d2f0e91c18ec3a215fe29ab},
  intrahash = {5b3bfa23d2451f96807ba544f31f4115},
  journal = {Cognit Psychol},
  keywords = {-23PAttention},
  month = Jan,
  number = 1,
  pages = {97-136},
  pmid = {7351125},
  timestamp = {2007-11-09T10:14:22.000+0100},
  title = {A feature-integration theory of attention},
  volume = 12,
  year = 1980
}

@article{Wolfe1989,
    title = {Guided Search: an alternative to the feature integration model for 
        visual search},
    author = {Jeremy M. Wolfe, Kyle R. Cave, Susan L. Franzel},
    year = {1989},
}

@phdthesis{Frintrop2006,
    title = {Vocus: a visual attention system for object detection and 
        goal-directed search},
    author = {Simone Frintrop},
    year = {2006},
}

@online{att,
 	title = {Repositório att},
	url = {https://github.com/erikperillo/att},
	year = 2016,
	urldate = {2016-12-09}
}

@article{cat2000,
   title     = {CAT2000: A Large Scale Fixation Dataset for Boosting Saliency Research},
   author    = {Borji, Ali and Itti, Laurent},
   journal   = {CVPR 2015 workshop on "Future of Datasets"},
   year      = {2015},
}

@online{juddBM,
 	title = {Learning to predict where people look},
	url = {http://people.csail.mit.edu/tjudd/WherePeopleLook/index.html},
	year = 2016,
	urldate = {2016-10-04}
}

@inproceedings{cheng,
	author  = {Ming-Ming Cheng et al},
	title   = {Global Contrast based Salient Region Detection},
	journal = {CVPR},
	year    = {2011}, 
}

@article{judd2,
    title    = {What do different evaluation metrics tell us about saliency models?},
    author   = {Zoya Bylinskii and Tilke Judd and Aude Oliva and Antonio Torralba and Fr{\'e}do Durand},
    year     = {2016}
}

@online{mit-300,
 	title = {MIT saliency benchmark},
	url = {http://saliency.mit.edu/index.html},
	year = 2016,
	urldate = {2016-09-27}
}

@article{DeepFix,
  author    = {Srinivas S. Kruthiventi and
               Kumar Ayush and
               R. Venkatesh Babu},
  title     = {DeepFix: {A} Fully Convolutional Neural Network for predicting Human
               Eye Fixations},
  journal   = {CoRR},
  year      = {2015},
  timestamp = {Sun, 01 Nov 2015 17:30:44 +0100},
  bibsource = {dblp computer science bibliography, http://dblp.org}
} 

@inproceedings{Salicon,
  added-at = {2016-04-28T00:00:00.000+0200},
  author = {Jiang, Ming and Huang, Shengsheng and Duan, Juanyong and Zhao, Qi},
  booktitle = {CVPR},
  title = {SALICON: Saliency in Context.},
  year = 2015
}

@article{DeepGaze2,
  author    = {Matthias K{\"{u}}mmerer and
               Thomas S. A. Wallis and
               Matthias Bethge},
  title     = {DeepGaze {II:} Reading fixations from deep features trained on object
               recognition},
  journal   = {CoRR},
  year      = {2016},
  timestamp = {Wed, 02 Nov 2016 09:51:26 +0100},
  bibsource = {dblp computer science bibliography, http://dblp.org}
}

@article{SalNet,
  author    = {Junting Pan and
               Kevin McGuinness and
               Elisa Sayrol and
               Noel E. O'Connor and
               Xavier {Gir{\'{o}} i Nieto}},
  title     = {Shallow and Deep Convolutional Networks for Saliency Prediction},
  journal   = {CoRR},
  volume    = {abs/1603.00845},
  year      = {2016},
  timestamp = {Sat, 02 Apr 2016 11:49:48 +0200},
  bibsource = {dblp computer science bibliography, http://dblp.org}
}

@misc{mitsal,
  author = {Zoya Bylinskii and Tilke Judd and Ali Borji and Laurent Itti and Fr{\'e}do Durand and Aude Oliva and Antonio Torralba},
  title  = {MIT Saliency Benchmark},
}

@article{rosinsal2,
 author = {Rosin, Paul L.},
 title = {A Simple Method for Detecting Salient Regions},
 journal = {Pattern Recogn.},
 issue_date = {November, 2009},
 volume = {42},
 number = {11},
 month = nov,
 year = {2009},
 numpages = {9},
 acmid = {1563080},
 publisher = {Elsevier Science Inc.},
 address = {New York, NY, USA},
 keywords = {Distance transform, Focus of attention, Importance map, Salience map},
}

@misc{itti,
    title = {Salicency Toolbox},
    url = {http://www.saliencytoolbox.net/},
}

@Book{knuth:84,
  author = 	 {Donald E. Knuth},
  title = 	 {The {\TeX} Book},
  publisher = 	 {Addison-Wesley},
  year = 	 {1984},
  edition = 	 {15th}
}

@InCollection{boulic:91,
  author = 	 {R. Boulic and O. Renault},
  title = 	 {3D Hierarchies for Animation},
  booktitle = 	 {New Trends in Animation and Visualization},
  publisher =    {John Wiley {\&} Sons ltd.},
  year = 	 {1991},
  editor = 	 {Nadia Magnenat-Thalmann and Daniel Thalmann}
}

@article{szegedy_2014,
  author    = {Christian Szegedy and
               Wei Liu and
               Yangqing Jia and
               Pierre Sermanet and
               Scott E. Reed and
               Dragomir Anguelov and
               Dumitru Erhan and
               Vincent Vanhoucke and
               Andrew Rabinovich},
  title     = {Going Deeper with Convolutions},
  journal   = {CoRR},
  volume    = {abs/1409.4842},
  year      = {2014},
  url       = {http://arxiv.org/abs/1409.4842},
  timestamp = {Wed, 07 Jun 2017 14:40:42 +0200},
  biburl    = {http://dblp.uni-trier.de/rec/bib/journals/corr/SzegedyLJSRAEVR14},
  bibsource = {dblp computer science bibliography, http://dblp.org}
}

@InCollection{smith:99,
  author = 	 {A. Smith and B. Jones},
  title = 	 {On the Complexity of Computing},
  booktitle = 	 {Advances in Computer Science},
  pages = 	 {555--566},
  publisher =    {Publishing Press},
  year = 	 {1999},
  editor = 	 {A. B. Smith-Jones}
}

@article{fixott_1957,
    author = {R. S. Fixott},
    title = {Evaluation of Research on Effects of Visual Training on 
        Visual Functions},
    journal = {American Journal of Ophthalmology},
    volume = {44},
    pages = {230--236},
    year = {1957}
}

@article{cat2000,
   title     = {CAT2000: A Large Scale Fixation Dataset for Boosting
        Saliency Research},
   author    = {Borji, Ali and Itti, Laurent},
   journal   = {CVPR 2015 workshop on "Future of Datasets"},
   year      = {2015},
   note      = {arXiv preprint arXiv:1505.03581}
}

@online{judd,
 	title = {Learning to predict where people look},
    author = {Judd, T. et al},
	url = {http://people.csail.mit.edu/tjudd/WherePeopleLook/index.html},
	year = 2016,
	urldate = {2016-10-04}
}

@article{treisman_1980,
    title = {A Feature-Integration theory of Attention},
    author = {Anne M. Treisman and Garry Gelade},
    journal = {Cognit Psychol},
    year = {1980}
}

@article{wolfe_1989,
    title = {Guided Search: an alternative to the feature integration model
        for visual search},
    author = {Jeremy M. Wolfe and Kyle R. Cave and Susan L. Franzel},
    year = {1989}
}

@phdthesis{colombini_2016,
    title = {An Attentional Model for Intelligent Robotics Agents},
    author = {Esther Luna Colombini},
    year = {2014},
}

@article{pan_2016,
    title = {Shallow and Deep Convolutional Networks for Saliency Prediction},
    author = {Junting Pan and Elisa Sayrol and Xavier Giro-i-Nieto and Kevin
        McGuinness and Noel OConnor},
    journal = {arXiv preprint arXiv:1603.00845},
    year = {2016}
}

@inproceedings{frintrop_2005,
    author = {Simone Frintrop},
    title = {VOCUS: a visual attention system for object detection and 
        goal-directed search},
    booktitle = {IN LECTURE NOTES IN ARTIFICIAL INTELLIGENCE (LNAI)},
    year = {2005},
    publisher = {Springer}
}

@article{jiang_2015,
    title = {Salicon: saliency in context},
    author = {Ming Jiang and Shengsheng Huang and Juanyong Duan and Qi Zhao},
    journal = {CVPR},
    year = {2015}
}

@article{kruthiventi_2015,
    title = {DeepFix: A Fully Convolutional Neural Network for predicting
        Human Eye Fixations},
    author = {Srinivas S S Kruthiventi and Kumar Ayush and R. Venkatesh Babu},
    journal = {arXiv preprint arXiv:1510.02927},
    year = {2015}
}

@article{cornia_2016,
    title = {A Deep Multi-Level Network for Saliency Prediction},
    author = {Marcella Cornia and Lorenzo Baraldi and Giuseppe Serra and
        Rita Cucchiara},
    journal = {arXiv preprint arXiv:1609.01064},
    year = {2016}
}

@article{kruthiventi_2015,
    title = {DeepFix: A Fully Convolutional Neural Network for predicting
        Human Eye Fixations},
    author = {Srinivas S S Kruthiventi and Kumar Ayush and R. Venkatesh Babu},
    journal = {arXiv preprint arXiv:1510.02927},
    year = {2015}
}

@article{zisserman_2014,
  author    = {Karen Simonyan and Andrew Zisserman},
  title     = {Very Deep Convolutional Networks for Large-Scale Image 
    Recognition},
  journal   = {CoRR},
  volume    = {abs/1409.1556},
  year      = {2014},
  url       = {http://arxiv.org/abs/1409.1556},
  timestamp = {Wed, 01 Oct 2014 15:00:05 +0200},
  biburl    = {http://dblp.uni-trier.de/rec/bib/journals/corr/SimonyanZ14a},
  bibsource = {dblp computer science bibliography, http://dblp.org}
}

@article{judd_2016,
    title = {What do different evaluation metrics tell us about saliency
        models?},
    author = {Zoya Bylinskii and Tilke Judd and Aude Oliva and Antonio Torralba
        and Fr{\'e}do Durand},
    journal = {arXiv preprint arXiv:1604.03605},
    year = {2016}
}

@misc{mit_sal_bm,
    author     = {Zoya Bylinskii and Tilke Judd and Ali Borji and Laurent Itti
                  and Fr{\'e}do Durand and Aude Oliva and Antonio Torralba},
    title      = {MIT Saliency Benchmark},
	howpublished = {\url{http://saliency.mit.edu/index.html}},
	year = 2016,
	urldate = {2016-09-27}
}

@online{wtd2017,
 	title = {XII Workshop de Teses, Dissertações e Trabalhos de Iniciação Científica},
	url = {http://www.ic.unicamp.br/wtd/2017/},
	year = 2017,
	urldate = {2017-08-13}
}

@online{myarticle,
    title = {Efficient Visual Attention with Deep Learning},
    author = {Erik Perillo and Esther Colombini},
    url = {https://drive.google.com/file/d/0B1VvuVdhIVJnTUhwYk9KM2d5a2c/view},
	year = 2017,
	urldate = {2017-08-13}
}

@online{att,
 	title = {Repositório att},
	url = {https://github.com/erikperillo/att},
	year = 2016,
	urldate = {2016-09-27}
}

@online{mit-300,
 	title = {MIT saliency benchmark},
	url = {http://saliency.mit.edu/index.html},
	year = 2016,
	urldate = {2016-09-27}
}

@article{judd2,
    title    = {What do different evaluation metrics tell us about saliency models?},
    author   = {Zoya Bylinskii and Tilke Judd and Aude Oliva and Antonio Torralba and Fr{\'e}do Durand},
    journal  = {arXiv preprint arXiv:1604.03605},
    year     = {2016}
}

@inproceedings{cheng,
	author  = {Ming-Ming Cheng et al},
	title   = {Global Contrast based Salient Region Detection},
	journal = {CVPR},
	year    = {2011}, 
	pages={409-416} 
}

@online{cssd,
 	title = {Complex Scene Saliency Dataset},
	url = {http://www.cse.cuhk.edu.hk/~leojia/projects/hsaliency/dataset.html},
	year = 2016,
	urldate = {2016-09-27}
}

@online{ecssd,
 	title = {Extended Complex Scene Saliency Dataset},
	url = {http://www.cse.cuhk.edu.hk/~leojia/projects/hsaliency/dataset.html},
	year = 2016,
	urldate = {2016-09-27}
}

@online{juddBM,
 	title = {Learning to predict where people look},
	url = {http://people.csail.mit.edu/tjudd/WherePeopleLook/index.html},
	year = 2016,
	urldate = {2016-10-04}
}

@article{judd,
    author = {Judd, T. et al},
    title = {Learning to Predict Where Humans Look},
    journal = {Computer Vision, IEEE 12th International Conference},
    year = {2009}
}

@article{cat2000,
   title     = {CAT2000: A Large Scale Fixation Dataset for Boosting Saliency Research},
   author    = {Borji, Ali and Itti, Laurent},
   journal   = {CVPR 2015 workshop on "Future of Datasets"},
   year      = {2015},
   note      = {arXiv preprint arXiv:1505.03581}
}

@article{yan,
    author = {Qiong Yan et al},
    title = {Hierarchical Saliency Detection},
    journal = {CVPR},
    year = {2013}
}

@article{shi,
    author = {Jianping Shi et al},
    title = {Hierarchical Image Saliency Detection on Extended CSSD},
    journal = {IEEE Transactions on Pattern Analysis and Machine Intelligence (TPAMI)},
    year = {2016},
	note = {accepted}
}

