@Book{knuth:84,
  author = 	 {Donald E. Knuth},
  title = 	 {The {\TeX} Book},
  publisher = 	 {Addison-Wesley},
  year = 	 {1984},
  edition = 	 {15th}
}

@InCollection{boulic:91,
  author = 	 {R. Boulic and O. Renault},
  title = 	 {3D Hierarchies for Animation},
  booktitle = 	 {New Trends in Animation and Visualization},
  publisher =    {John Wiley {\&} Sons ltd.},
  year = 	 {1991},
  editor = 	 {Nadia Magnenat-Thalmann and Daniel Thalmann}
}

@InCollection{smith:99,
  author = 	 {A. Smith and B. Jones},
  title = 	 {On the Complexity of Computing},
  booktitle = 	 {Advances in Computer Science},
  pages = 	 {555--566},
  publisher =    {Publishing Press},
  year = 	 {1999},
  editor = 	 {A. B. Smith-Jones}
}

@article{fixott_1957,
    author = {R. S. Fixott},
    title = {Evaluation of Research on Effects of Visual Training on 
        Visual Functions},
    journal = {American Journal of Ophthalmology},
    volume = {44},
    pages = {230--236},
    year = {1957}
}

@article{cat2000,
   title     = {CAT2000: A Large Scale Fixation Dataset for Boosting
        Saliency Research},
   author    = {Borji, Ali and Itti, Laurent},
   journal   = {CVPR 2015 workshop on "Future of Datasets"},
   year      = {2015},
   note      = {arXiv preprint arXiv:1505.03581}
}

@online{judd,
 	title = {Learning to predict where people look},
    author = {Judd, T. et al},
	url = {http://people.csail.mit.edu/tjudd/WherePeopleLook/index.html},
	year = 2016,
	urldate = {2016-10-04}
}

@article{treisman_1980,
    title = {A Feature-Integration theory of Attention},
    author = {Anne M. Treisman and Garry Gelade},
    journal = {Cognit Psychol},
    year = {1980}
}

@article{wolfe_1989,
    title = {Guided Search: an alternative to the feature integration model
        for visual search},
    author = {Jeremy M. Wolfe and Kyle R. Cave and Susan L. Franzel},
    year = {1989}
}

@phdthesis{colombini_2016,
    title = {An Attentional Model for Intelligent Robotics Agents},
    author = {Esther Luna Colombini},
    year = {2014},
}

@article{pan_2016,
    title = {Shallow and Deep Convolutional Networks for Saliency Prediction},
    author = {Junting Pan and Elisa Sayrol and Xavier Giro-i-Nieto and Kevin
        McGuinness and Noel OConnor},
    journal = {arXiv preprint arXiv:1603.00845},
    year = {2016}
}

@inproceedings{frintrop_2005,
    author = {Simone Frintrop},
    title = {VOCUS: a visual attention system for object detection and 
        goal-directed search},
    booktitle = {IN LECTURE NOTES IN ARTIFICIAL INTELLIGENCE (LNAI)},
    year = {2005},
    publisher = {Springer}
}

@article{jiang_2015,
    title = {Salicon: saliency in context},
    author = {Ming Jiang and Shengsheng Huang and Juanyong Duan and Qi Zhao},
    journal = {CVPR},
    year = {2015}
}

@article{kruthiventi_2015,
    title = {DeepFix: A Fully Convolutional Neural Network for predicting
        Human Eye Fixations},
    author = {Srinivas S S Kruthiventi and Kumar Ayush and R. Venkatesh Babu},
    journal = {arXiv preprint arXiv:1510.02927},
    year = {2015}
}

@article{cornia_2016,
    title = {A Deep Multi-Level Network for Saliency Prediction},
    author = {Marcella Cornia and Lorenzo Baraldi and Giuseppe Serra and
        Rita Cucchiara},
    journal = {arXiv preprint arXiv:1609.01064},
    year = {2016}
}

@article{kruthiventi_2015,
    title = {DeepFix: A Fully Convolutional Neural Network for predicting
        Human Eye Fixations},
    author = {Srinivas S S Kruthiventi and Kumar Ayush and R. Venkatesh Babu},
    journal = {arXiv preprint arXiv:1510.02927},
    year = {2015}
}

@article{zisserman_2014,
  author    = {Karen Simonyan and Andrew Zisserman},
  title     = {Very Deep Convolutional Networks for Large-Scale Image 
    Recognition},
  journal   = {CoRR},
  volume    = {abs/1409.1556},
  year      = {2014},
  url       = {http://arxiv.org/abs/1409.1556},
  timestamp = {Wed, 01 Oct 2014 15:00:05 +0200},
  biburl    = {http://dblp.uni-trier.de/rec/bib/journals/corr/SimonyanZ14a},
  bibsource = {dblp computer science bibliography, http://dblp.org}
}

@online{salicon,
 	title = {Salicon dataset},
	url = {www.example.com},
	year = 2016,
	urldate = {2016-09-27}
}

@article{judd_2016,
    title = {What do different evaluation metrics tell us about saliency
        models?},
    author = {Zoya Bylinskii and Tilke Judd and Aude Oliva and Antonio Torralba
        and Fr{\'e}do Durand},
    journal = {arXiv preprint arXiv:1604.03605},
    year = {2016}
}

@online{mit_sal_bm,
 	title = {MIT saliency benchmark},
	url = {http://saliency.mit.edu/index.html},
	year = 2016,
	urldate = {2016-09-27}
}
